@incollection{Cramer1946,
  author =	"H Cramer",
  title =	"<not available>",
  booktitle =	"Mathematical Methods of Statistics (PMS-9)",
  publisher =	"Princeton University Press",
  year =	"1946",
  isbn =	"978-0-691-00547-8",
}

@article{Rao1945,
  author =	"C R Rao",
  title =	"<not available>",
  journal =	"Bulletin of the Calcutta Mathematical Society",
  year =	"1945",
  volume =	"37",
  pages =	"81",
  issn =	"0008-0659",
}

@ARTICLE{galpy,
   author = {{Bovy}, J.},
    title = "{galpy: A python Library for Galactic Dynamics}",
  journal = {\apjs},
archivePrefix = "arXiv",
   eprint = {1412.3451},
 keywords = {galaxies: general, galaxies: kinematics and dynamics, Galaxy: fundamental parameters },
     year = 2015,
    month = feb,
   volume = 216,
      eid = {29},
    pages = {29},
      doi = {10.1088/0067-0049/216/2/29},
   adsurl = {http://adsabs.harvard.edu/abs/2015ApJS..216...29B},
  adsnote = {Provided by the SAO/NASA Astrophysics Data System}
}

@ARTICLE{bonaca2014,
   author = {{Bonaca}, A. and {Geha}, M. and {K{\"u}pper}, A.~H.~W. and {Diemand}, J. and 
	{Johnston}, K.~V. and {Hogg}, D.~W.},
    title = "{Milky Way Mass and Potential Recovery Using Tidal Streams in a Realistic Halo}",
  journal = {\apj},
archivePrefix = "arXiv",
   eprint = {1406.6063},
 keywords = {dark matter, Galaxy: halo, Galaxy: structure},
     year = 2014,
    month = nov,
   volume = 795,
      eid = {94},
    pages = {94},
      doi = {10.1088/0004-637X/795/1/94},
   adsurl = {http://adsabs.harvard.edu/abs/2014ApJ...795...94B},
  adsnote = {Provided by the SAO/NASA Astrophysics Data System}
}

@ARTICLE{ho,
   author = {{Hernquist}, L. and {Ostriker}, J.~P.},
    title = "{A self-consistent field method for galactic dynamics}",
  journal = {\apj},
 keywords = {Celestial Mechanics, Computational Astrophysics, Galaxies, Stellar Motions, Algorithms, Astronomical Models, Dynamical Systems, Numerical Analysis},
     year = 1992,
    month = feb,
   volume = 386,
    pages = {375-397},
      doi = {10.1086/171025},
   adsurl = {http://adsabs.harvard.edu/abs/1992ApJ...386..375H},
  adsnote = {Provided by the SAO/NASA Astrophysics Data System}
}

@ARTICLE{lm10,
   author = {{Law}, D.~R. and {Majewski}, S.~R.},
    title = "{The Sagittarius Dwarf Galaxy: A Model for Evolution in a Triaxial Milky Way Halo}",
  journal = {\apj},
archivePrefix = "arXiv",
   eprint = {1003.1132},
 keywords = {dark matter, galaxies: individual: Sagittarius, Galaxy: kinematics and dynamics, Galaxy: structure},
     year = 2010,
    month = may,
   volume = 714,
    pages = {229-254},
      doi = {10.1088/0004-637X/714/1/229},
   adsurl = {http://adsabs.harvard.edu/abs/2010ApJ...714..229L},
  adsnote = {Provided by the SAO/NASA Astrophysics Data System}
}

@ARTICLE{sohn2015,
   author = {{Sohn}, S.~T. and {van der Marel}, R.~P. and {Carlin}, J.~L. and 
	{Majewski}, S.~R. and {Kallivayalil}, N. and {Law}, D.~R. and 
	{Anderson}, J. and {Siegel}, M.~H.},
    title = "{Hubble Space Telescope Proper Motions along the Sagittarius Stream. I. Observations and Results for Stars in Four Fields}",
  journal = {\apj},
archivePrefix = "arXiv",
   eprint = {1408.3408},
 keywords = {astrometry, galaxies: kinematics and dynamics, Local Group},
     year = 2015,
    month = apr,
   volume = 803,
      eid = {56},
    pages = {56},
      doi = {10.1088/0004-637X/803/2/56},
   adsurl = {http://adsabs.harvard.edu/abs/2015ApJ...803...56S},
  adsnote = {Provided by the SAO/NASA Astrophysics Data System}
}

@ARTICLE{debattista2013,
   author = {{Debattista}, V.~P. and {Ro{\v s}kar}, R. and {Valluri}, M. and 
	{Quinn}, T. and {Moore}, B. and {Wadsley}, J.},
    title = "{What's up in the Milky Way? The orientation of the disc relative to the triaxial halo}",
  journal = {\mnras},
archivePrefix = "arXiv",
   eprint = {1301.2670},
 keywords = {Galaxy: evolution, Galaxy: formation, Galaxy: halo, Galaxy: kinematics and dynamics, Galaxy: structure, galaxies: haloes},
     year = 2013,
    month = oct,
   volume = 434,
    pages = {2971-2981},
      doi = {10.1093/mnras/stt1217},
   adsurl = {http://adsabs.harvard.edu/abs/2013MNRAS.434.2971D},
  adsnote = {Provided by the SAO/NASA Astrophysics Data System}
}

@ARTICLE{vch2013,
   author = {{Vera-Ciro}, C. and {Helmi}, A.},
    title = "{Constraints on the Shape of the Milky Way Dark Matter Halo from the Sagittarius Stream}",
  journal = {\apjl},
archivePrefix = "arXiv",
   eprint = {1304.4646},
 keywords = {galaxies: dwarf, galaxies: interactions, Galaxy: halo, Local Group },
     year = 2013,
    month = aug,
   volume = 773,
      eid = {L4},
    pages = {L4},
      doi = {10.1088/2041-8205/773/1/L4},
   adsurl = {http://adsabs.harvard.edu/abs/2013ApJ...773L...4V},
  adsnote = {Provided by the SAO/NASA Astrophysics Data System}
}

@ARTICLE{bernard2016,
   author = {{Bernard}, E.~J. and {Ferguson}, A.~M.~N. and {Schlafly}, E.~F. and 
	{Martin}, N.~F. and {Rix}, H.-W. and {Bell}, E.~F. and {Finkbeiner}, D.~P. and 
	{Goldman}, B. and {Mart{\'{\i}}nez-Delgado}, D. and {Sesar}, B. and 
	{Wyse}, R.~F.~G. and {Burgett}, W.~S. and {Chambers}, K.~C. and 
	{Draper}, P.~W. and {Hodapp}, K.~W. and {Kaiser}, N. and {Kudritzki}, R.-P. and 
	{Magnier}, E.~A. and {Metcalfe}, N. and {Wainscoat}, R.~J. and 
	{Waters}, C.},
    title = "{A Synoptic Map of Halo Substructures from the Pan-STARRS1 3{$\pi$} Survey}",
  journal = {\mnras},
archivePrefix = "arXiv",
   eprint = {1607.06088},
 keywords = {Hertzsprung-Russell and colour-magnitude diagrams, surveys, Galaxy: halo, Galaxy: structure},
     year = 2016,
    month = dec,
   volume = 463,
    pages = {1759-1768},
      doi = {10.1093/mnras/stw2134},
   adsurl = {http://adsabs.harvard.edu/abs/2016MNRAS.463.1759B},
  adsnote = {Provided by the SAO/NASA Astrophysics Data System}
}

@ARTICLE{grillmair2014,
   author = {{Grillmair}, C.~J.},
    title = "{Two New Halo Debris Streams in the Sloan Digital Sky Survey}",
  journal = {\apjl},
archivePrefix = "arXiv",
   eprint = {1407.0397},
 keywords = {Galaxy: halo, Galaxy: structure, globular clusters: general},
     year = 2014,
    month = jul,
   volume = 790,
      eid = {L10},
    pages = {L10},
      doi = {10.1088/2041-8205/790/1/L10},
   adsurl = {http://adsabs.harvard.edu/abs/2014ApJ...790L..10G},
  adsnote = {Provided by the SAO/NASA Astrophysics Data System}
}

@ARTICLE{grillmair2017a,
   author = {{Grillmair}, C.~J.},
    title = "{Tails from the Orphanage}",
  journal = {\apj},
archivePrefix = "arXiv",
   eprint = {1612.03181},
 keywords = {Galaxy: halo, Galaxy: structure},
     year = 2017,
    month = jan,
   volume = 834,
      eid = {98},
    pages = {98},
      doi = {10.3847/1538-4357/834/2/98},
   adsurl = {http://adsabs.harvard.edu/abs/2017ApJ...834...98G},
  adsnote = {Provided by the SAO/NASA Astrophysics Data System}
}

@ARTICLE{grillmair2017b,
   author = {{Grillmair}, C.~J.},
    title = "{At a Crossroads: Stellar Streams in the South Galactic Cap}",
  journal = {\apj},
archivePrefix = "arXiv",
   eprint = {1708.09029},
 keywords = {Galaxy: halo, Galaxy: stellar content, Galaxy: structure, globular clusters: general},
     year = 2017,
    month = oct,
   volume = 847,
      eid = {119},
    pages = {119},
      doi = {10.3847/1538-4357/aa8872},
   adsurl = {http://adsabs.harvard.edu/abs/2017ApJ...847..119G},
  adsnote = {Provided by the SAO/NASA Astrophysics Data System}
}

@ARTICLE{bonaca2012,
   author = {{Bonaca}, A. and {Geha}, M. and {Kallivayalil}, N.},
    title = "{A Cold Milky Way Stellar Stream in the Direction of Triangulum}",
  journal = {\apjl},
archivePrefix = "arXiv",
   eprint = {1209.5391},
 keywords = {Galaxy: halo, Galaxy: structure},
     year = 2012,
    month = nov,
   volume = 760,
      eid = {L6},
    pages = {L6},
      doi = {10.1088/2041-8205/760/1/L6},
   adsurl = {http://adsabs.harvard.edu/abs/2012ApJ...760L...6B},
  adsnote = {Provided by the SAO/NASA Astrophysics Data System}
}

@ARTICLE{schlafly2012,
   author = {{Schlafly}, E.~F. and {Finkbeiner}, D.~P. and {Juri{\'c}}, M. and 
	{Magnier}, E.~A. and {Burgett}, W.~S. and {Chambers}, K.~C. and 
	{Grav}, T. and {Hodapp}, K.~W. and {Kaiser}, N. and {Kudritzki}, R.-P. and 
	{Martin}, N.~F. and {Morgan}, J.~S. and {Price}, P.~A. and {Rix}, H.-W. and 
	{Stubbs}, C.~W. and {Tonry}, J.~L. and {Wainscoat}, R.~J.},
    title = "{Photometric Calibration of the First 1.5 Years of the Pan-STARRS1 Survey}",
  journal = {\apj},
archivePrefix = "arXiv",
   eprint = {1201.2208},
 primaryClass = "astro-ph.IM",
 keywords = {atmospheric effects, methods: data analysis, surveys, techniques: photometric},
     year = 2012,
    month = sep,
   volume = 756,
      eid = {158},
    pages = {158},
      doi = {10.1088/0004-637X/756/2/158},
   adsurl = {http://adsabs.harvard.edu/abs/2012ApJ...756..158S},
  adsnote = {Provided by the SAO/NASA Astrophysics Data System}
}

@ARTICLE{schlafly2011,
   author = {{Schlafly}, E.~F. and {Finkbeiner}, D.~P.},
    title = "{Measuring Reddening with Sloan Digital Sky Survey Stellar Spectra and Recalibrating SFD}",
  journal = {\apj},
archivePrefix = "arXiv",
   eprint = {1012.4804},
 primaryClass = "astro-ph.GA",
 keywords = {dust, extinction, Galaxy: stellar content, ISM: clouds},
     year = 2011,
    month = aug,
   volume = 737,
      eid = {103},
    pages = {103},
      doi = {10.1088/0004-637X/737/2/103},
   adsurl = {http://adsabs.harvard.edu/abs/2011ApJ...737..103S},
  adsnote = {Provided by the SAO/NASA Astrophysics Data System}
}

@ARTICLE{ps1,
   author = {{Chambers}, K.~C. and {Magnier}, E.~A. and {Metcalfe}, N. and 
	{Flewelling}, H.~A. and {Huber}, M.~E. and {Waters}, C.~Z. and 
	{Denneau}, L. and {Draper}, P.~W. and {Farrow}, D. and {Finkbeiner}, D.~P. and 
	{Holmberg}, C. and {Koppenhoefer}, J. and {Price}, P.~A. and 
	{Saglia}, R.~P. and {Schlafly}, E.~F. and {Smartt}, S.~J. and 
	{Sweeney}, W. and {Wainscoat}, R.~J. and {Burgett}, W.~S. and 
	{Grav}, T. and {Heasley}, J.~N. and {Hodapp}, K.~W. and {Jedicke}, R. and 
	{Kaiser}, N. and {Kudritzki}, R.-P. and {Luppino}, G.~A. and 
	{Lupton}, R.~H. and {Monet}, D.~G. and {Morgan}, J.~S. and {Onaka}, P.~M. and 
	{Stubbs}, C.~W. and {Tonry}, J.~L. and {Banados}, E. and {Bell}, E.~F. and 
	{Bender}, R. and {Bernard}, E.~J. and {Botticella}, M.~T. and 
	{Casertano}, S. and {Chastel}, S. and {Chen}, W.-P. and {Chen}, X. and 
	{Cole}, S. and {Deacon}, N. and {Frenk}, C. and {Fitzsimmons}, A. and 
	{Gezari}, S. and {Goessl}, C. and {Goggia}, T. and {Goldman}, B. and 
	{Grebel}, E.~K. and {Hambly}, N.~C. and {Hasinger}, G. and {Heavens}, A.~F. and 
	{Heckman}, T.~M. and {Henderson}, R. and {Henning}, T. and {Holman}, M. and 
	{Hopp}, U. and {Ip}, W.-H. and {Isani}, S. and {Keyes}, C.~D. and 
	{Koekemoer}, A. and {Kotak}, R. and {Long}, K.~S. and {Lucey}, J.~R and 
	{Liu}, M. and {Martin}, N.~F. and {McLean}, B. and {Morganson}, E. and 
	{Murphy}, D.~N.~A. and {Nieto-Santisteban}, M.~A. and {Norberg}, P. and 
	{Peacock}, J.~A. and {Pier}, E.~A. and {Postman}, M. and {Primak}, N. and 
	{Rae}, C. and {Rest}, A. and {Riess}, A. and {Riffeser}, A. and 
	{Rix}, H.~W. and {Roser}, S. and {Schilbach}, E. and {Schultz}, A.~S.~B. and 
	{Scolnic}, D. and {Szalay}, A. and {Seitz}, S. and {Shiao}, B. and 
	{Small}, E. and {Smith}, K.~W. and {Soderblom}, D. and {Taylor}, A.~N. and 
	{Thakar}, A.~R. and {Thiel}, J. and {Thilker}, D. and {Urata}, Y. and 
	{Valenti}, J. and {Walter}, F. and {Watters}, S.~P. and {Werner}, S. and 
	{White}, R. and {Wood-Vasey}, W.~M. and {Wyse}, R.},
    title = "{The Pan-STARRS1 Surveys}",
  journal = {ArXiv e-prints},
archivePrefix = "arXiv",
   eprint = {1612.05560},
 primaryClass = "astro-ph.IM",
 keywords = {Astrophysics - Instrumentation and Methods for Astrophysics, Astrophysics - Earth and Planetary Astrophysics, Astrophysics - Astrophysics of Galaxies, Astrophysics - Solar and Stellar Astrophysics},
     year = 2016,
    month = dec,
   adsurl = {http://adsabs.harvard.edu/abs/2016arXiv161205560C},
  adsnote = {Provided by the SAO/NASA Astrophysics Data System}
}

@ARTICLE{pearson2015,
   author = {{Pearson}, S. and {K{\"u}pper}, A.~H.~W. and {Johnston}, K.~V. and 
	{Price-Whelan}, A.~M.},
    title = "{Tidal Stream Morphology as an Indicator of Dark Matter Halo Geometry: The Case of Palomar 5}",
  journal = {\apj},
archivePrefix = "arXiv",
   eprint = {1410.3477},
 keywords = {dark matter, Galaxy: halo, Galaxy: structure, globular clusters: individual: Palomar 5, methods: numerical},
     year = 2015,
    month = jan,
   volume = 799,
      eid = {28},
    pages = {28},
      doi = {10.1088/0004-637X/799/1/28},
   adsurl = {http://adsabs.harvard.edu/abs/2015ApJ...799...28P},
  adsnote = {Provided by the SAO/NASA Astrophysics Data System}
}

@ARTICLE{johnston1999,
   author = {{Johnston}, K.~V. and {Zhao}, H. and {Spergel}, D.~N. and {Hernquist}, L.
	},
    title = "{Tidal Streams as Probes of the Galactic Potential}",
  journal = {\apjl},
   eprint = {astro-ph/9807243},
 keywords = {GALAXY: FUNDAMENTAL PARAMETERS, GALAXY: HALO, GALAXY: KINEMATICS AND DYNAMICS, GALAXY: STRUCTURE, Galaxy: Fundamental Parameters, Galaxy: Halo, Galaxy: Kinematics and Dynamics, Galaxy: Structure},
     year = 1999,
    month = feb,
   volume = 512,
    pages = {L109-L112},
      doi = {10.1086/311876},
   adsurl = {http://adsabs.harvard.edu/abs/1999ApJ...512L.109J},
  adsnote = {Provided by the SAO/NASA Astrophysics Data System}
}

@ARTICLE{ibata1994,
   author = {{Ibata}, R.~A. and {Gilmore}, G. and {Irwin}, M.~J.},
    title = "{A dwarf satellite galaxy in Sagittarius}",
  journal = {\nat},
     year = 1994,
    month = jul,
   volume = 370,
    pages = {194-196},
      doi = {10.1038/370194a0},
   adsurl = {http://adsabs.harvard.edu/abs/1994Natur.370..194I},
  adsnote = {Provided by the SAO/NASA Astrophysics Data System}
}

@ARTICLE{ti1998,
   author = {{Totten}, E.~J. and {Irwin}, M.~J.},
    title = "{The APM survey for cool carbon stars in the Galactic halo. I}",
  journal = {\mnras},
 keywords = {Carbon Stars, Cool Stars, Galactic Halos, Sky Surveys (Astronomy), Milky Way Galaxy, Stellar Spectrophotometry, Star Formation},
     year = 1998,
    month = feb,
   volume = 294,
    pages = {1},
      doi = {10.1046/j.1365-8711.1998.01086.x},
   adsurl = {http://adsabs.harvard.edu/abs/1998MNRAS.294....1T},
  adsnote = {Provided by the SAO/NASA Astrophysics Data System}
}

@ARTICLE{helmi2004,
   author = {{Helmi}, A.},
    title = "{Velocity Trends in the Debris of Sagittarius and the Shape of the Dark Matter Halo of Our Galaxy}",
  journal = {\apjl},
   eprint = {astro-ph/0406396},
 keywords = {Cosmology: Dark Matter, Galaxy: Fundamental Parameters, Galaxy: Halo, Galaxy: Kinematics and Dynamics, Galaxy: Structure},
     year = 2004,
    month = aug,
   volume = 610,
    pages = {L97-L100},
      doi = {10.1086/423340},
   adsurl = {http://adsabs.harvard.edu/abs/2004ApJ...610L..97H},
  adsnote = {Provided by the SAO/NASA Astrophysics Data System}
}

@ARTICLE{johnston2005,
   author = {{Johnston}, K.~V. and {Law}, D.~R. and {Majewski}, S.~R.},
    title = "{A Two Micron All Sky Survey View of the Sagittarius Dwarf Galaxy. III. Constraints on the Flattening of the Galactic Halo}",
  journal = {\apj},
   eprint = {astro-ph/0407565},
 keywords = {Galaxies: Individual: Name: Sagittarius, Galaxies: Stellar Content, Galaxy: Halo, Galaxy: Kinematics and Dynamics, Galaxy: Structure, Galaxies: Local Group},
     year = 2005,
    month = feb,
   volume = 619,
    pages = {800-806},
      doi = {10.1086/426777},
   adsurl = {http://adsabs.harvard.edu/abs/2005ApJ...619..800J},
  adsnote = {Provided by the SAO/NASA Astrophysics Data System}
}

@ARTICLE{ibata2013,
   author = {{Ibata}, R. and {Lewis}, G.~F. and {Martin}, N.~F. and {Bellazzini}, M. and 
	{Correnti}, M.},
    title = "{Does the Sagittarius Stream Constrain the Milky Way Halo to be Triaxial?}",
  journal = {\apjl},
archivePrefix = "arXiv",
   eprint = {1212.4958},
 keywords = {dark matter, galaxies: dwarf, Galaxy: halo },
     year = 2013,
    month = mar,
   volume = 765,
      eid = {L15},
    pages = {L15},
      doi = {10.1088/2041-8205/765/1/L15},
   adsurl = {http://adsabs.harvard.edu/abs/2013ApJ...765L..15I},
  adsnote = {Provided by the SAO/NASA Astrophysics Data System}
}

@ARTICLE{dl2017,
   author = {{Dierickx}, M.~I.~P. and {Loeb}, A.},
    title = "{An Upper Limit on the Milky Way Mass from the Orbit of the Sagittarius Dwarf Satellite}",
  journal = {\apj},
archivePrefix = "arXiv",
   eprint = {1703.02137},
 keywords = {galaxies: interactions, Galaxy: kinematics and dynamics, Galaxy: halo, Local Group},
     year = 2017,
    month = sep,
   volume = 847,
      eid = {42},
    pages = {42},
      doi = {10.3847/1538-4357/aa8767},
   adsurl = {http://adsabs.harvard.edu/abs/2017ApJ...847...42D},
  adsnote = {Provided by the SAO/NASA Astrophysics Data System}
}

@ARTICLE{koposov2010,
   author = {{Koposov}, S.~E. and {Rix}, H.-W. and {Hogg}, D.~W.},
    title = "{Constraining the Milky Way Potential with a Six-Dimensional Phase-Space Map of the GD-1 Stellar Stream}",
  journal = {\apj},
archivePrefix = "arXiv",
   eprint = {0907.1085},
 primaryClass = "astro-ph.GA",
 keywords = {Galaxy: fundamental parameters, Galaxy: halo, Galaxy: kinematics and dynamics, methods: statistical, stars: kinematics and dynamics, surveys},
     year = 2010,
    month = mar,
   volume = 712,
    pages = {260-273},
      doi = {10.1088/0004-637X/712/1/260},
   adsurl = {http://adsabs.harvard.edu/abs/2010ApJ...712..260K},
  adsnote = {Provided by the SAO/NASA Astrophysics Data System}
}

@ARTICLE{bowden2015,
   author = {{Bowden}, A. and {Belokurov}, V. and {Evans}, N.~W.},
    title = "{Dipping our toes in the water: first models of GD-1 as a stream}",
  journal = {\mnras},
archivePrefix = "arXiv",
   eprint = {1502.00484},
 keywords = {galaxies: fundamental parameters, galaxies: haloes, galaxies: kinematics and dynamics},
     year = 2015,
    month = may,
   volume = 449,
    pages = {1391-1400},
      doi = {10.1093/mnras/stv285},
   adsurl = {http://adsabs.harvard.edu/abs/2015MNRAS.449.1391B},
  adsnote = {Provided by the SAO/NASA Astrophysics Data System}
}

@ARTICLE{kupper2015,
   author = {{K{\"u}pper}, A.~H.~W. and {Balbinot}, E. and {Bonaca}, A. and 
	{Johnston}, K.~V. and {Hogg}, D.~W. and {Kroupa}, P. and {Santiago}, B.~X.
	},
    title = "{Globular Cluster Streams as Galactic High-Precision Scales{\mdash}the Poster Child Palomar 5}",
  journal = {\apj},
archivePrefix = "arXiv",
   eprint = {1502.02658},
 keywords = {dark matter, Galaxy: fundamental parameters, Galaxy: halo, Galaxy: kinematics and dynamics, Galaxy: structure, globular clusters: individual: Palomar 5},
     year = 2015,
    month = apr,
   volume = 803,
      eid = {80},
    pages = {80},
      doi = {10.1088/0004-637X/803/2/80},
   adsurl = {http://adsabs.harvard.edu/abs/2015ApJ...803...80K},
  adsnote = {Provided by the SAO/NASA Astrophysics Data System}
}

@ARTICLE{newberg2010,
   author = {{Newberg}, H.~J. and {Willett}, B.~A. and {Yanny}, B. and {Xu}, Y.
	},
    title = "{The Orbit of the Orphan Stream}",
  journal = {\apj},
archivePrefix = "arXiv",
   eprint = {1001.0576},
 keywords = {Galaxy: halo, Galaxy: structure, stars: kinematics and dynamics},
     year = 2010,
    month = mar,
   volume = 711,
    pages = {32-49},
      doi = {10.1088/0004-637X/711/1/32},
   adsurl = {http://adsabs.harvard.edu/abs/2010ApJ...711...32N},
  adsnote = {Provided by the SAO/NASA Astrophysics Data System}
}

@ARTICLE{gibbons2014,
   author = {{Gibbons}, S.~L.~J. and {Belokurov}, V. and {Evans}, N.~W.},
    title = "{`Skinny Milky Way please', says Sagittarius}",
  journal = {\mnras},
archivePrefix = "arXiv",
   eprint = {1406.2243},
 keywords = {Galaxy: fundamental parameters, Galaxy: halo, Galaxy: kinematics and dynamics, galaxies: dwarf},
     year = 2014,
    month = dec,
   volume = 445,
    pages = {3788-3802},
      doi = {10.1093/mnras/stu1986},
   adsurl = {http://adsabs.harvard.edu/abs/2014MNRAS.445.3788G},
  adsnote = {Provided by the SAO/NASA Astrophysics Data System}
}

@ARTICLE{bovy2016,
   author = {{Bovy}, J. and {Bahmanyar}, A. and {Fritz}, T.~K. and {Kallivayalil}, N.
	},
    title = "{The Shape of the Inner Milky Way Halo from Observations of the Pal 5 and GD--1 Stellar Streams}",
  journal = {\apj},
archivePrefix = "arXiv",
   eprint = {1609.01298},
 keywords = {dark matter, Galaxy: fundamental parameters, Galaxy: halo, Galaxy: kinematics and dynamics, Galaxy: structure, globular clusters: individual: Palomar 5},
     year = 2016,
    month = dec,
   volume = 833,
      eid = {31},
    pages = {31},
      doi = {10.3847/1538-4357/833/1/31},
   adsurl = {http://adsabs.harvard.edu/abs/2016ApJ...833...31B},
  adsnote = {Provided by the SAO/NASA Astrophysics Data System}
}

@ARTICLE{springel2008,
   author = {{Springel}, V. and {Wang}, J. and {Vogelsberger}, M. and {Ludlow}, A. and 
	{Jenkins}, A. and {Helmi}, A. and {Navarro}, J.~F. and {Frenk}, C.~S. and 
	{White}, S.~D.~M.},
    title = "{The Aquarius Project: the subhaloes of galactic haloes}",
  journal = {\mnras},
archivePrefix = "arXiv",
   eprint = {0809.0898},
 keywords = {methods: numerical , dark matter},
     year = 2008,
    month = dec,
   volume = 391,
    pages = {1685-1711},
      doi = {10.1111/j.1365-2966.2008.14066.x},
   adsurl = {http://adsabs.harvard.edu/abs/2008MNRAS.391.1685S},
  adsnote = {Provided by the SAO/NASA Astrophysics Data System}
}

@ARTICLE{diemand2007,
   author = {{Diemand}, J. and {Kuhlen}, M. and {Madau}, P.},
    title = "{Dark Matter Substructure and Gamma-Ray Annihilation in the Milky Way Halo}",
  journal = {\apj},
   eprint = {astro-ph/0611370},
 keywords = {Cosmology: Theory, Cosmology: Dark Matter, Galaxies: Dwarf, Galaxies: Formation, Galaxies: Halos, Methods: Numerical},
     year = 2007,
    month = mar,
   volume = 657,
    pages = {262-270},
      doi = {10.1086/510736},
   adsurl = {http://adsabs.harvard.edu/abs/2007ApJ...657..262D},
  adsnote = {Provided by the SAO/NASA Astrophysics Data System}
}

@ARTICLE{wetzel2016,
   author = {{Wetzel}, A.~R. and {Hopkins}, P.~F. and {Kim}, J.-h. and {Faucher-Gigu{\`e}re}, C.-A. and 
	{Kere{\v s}}, D. and {Quataert}, E.},
    title = "{Reconciling Dwarf Galaxies with {$\Lambda$}CDM Cosmology: Simulating a Realistic Population of Satellites around a Milky Way-mass Galaxy}",
  journal = {\apjl},
archivePrefix = "arXiv",
   eprint = {1602.05957},
 keywords = {cosmology: theory, galaxies: dwarf, galaxies: formation, galaxies: star formation, Local Group, methods: numerical},
     year = 2016,
    month = aug,
   volume = 827,
      eid = {L23},
    pages = {L23},
      doi = {10.3847/2041-8205/827/2/L23},
   adsurl = {http://adsabs.harvard.edu/abs/2016ApJ...827L..23W},
  adsnote = {Provided by the SAO/NASA Astrophysics Data System}
}

@ARTICLE{varghese2011,
   author = {{Varghese}, A. and {Ibata}, R. and {Lewis}, G.~F.},
    title = "{Stellar streams as probes of dark halo mass and morphology: a Bayesian reconstruction}",
  journal = {\mnras},
archivePrefix = "arXiv",
   eprint = {1106.1765},
 keywords = {gravitation, dark matter},
     year = 2011,
    month = oct,
   volume = 417,
    pages = {198-215},
      doi = {10.1111/j.1365-2966.2011.19097.x},
   adsurl = {http://adsabs.harvard.edu/abs/2011MNRAS.417..198V},
  adsnote = {Provided by the SAO/NASA Astrophysics Data System}
}

@ARTICLE{apw2014,
   author = {{Price-Whelan}, A.~M. and {Hogg}, D.~W. and {Johnston}, K.~V. and 
	{Hendel}, D.},
    title = "{Inferring the Gravitational Potential of the Milky Way with a Few Precisely Measured Stars}",
  journal = {\apj},
archivePrefix = "arXiv",
   eprint = {1405.6721},
 keywords = {dark matter, Galaxy: halo, Galaxy: kinematics and dynamics},
     year = 2014,
    month = oct,
   volume = 794,
      eid = {4},
    pages = {4},
      doi = {10.1088/0004-637X/794/1/4},
   adsurl = {http://adsabs.harvard.edu/abs/2014ApJ...794....4P},
  adsnote = {Provided by the SAO/NASA Astrophysics Data System}
}

@ARTICLE{bovy2014,
   author = {{Bovy}, J.},
    title = "{Dynamical Modeling of Tidal Streams}",
  journal = {\apj},
archivePrefix = "arXiv",
   eprint = {1401.2985},
 keywords = {dark matter, galaxies: interactions, Galaxy: halo, Galaxy: kinematics and dynamics, Galaxy: structure },
     year = 2014,
    month = nov,
   volume = 795,
      eid = {95},
    pages = {95},
      doi = {10.1088/0004-637X/795/1/95},
   adsurl = {http://adsabs.harvard.edu/abs/2014ApJ...795...95B},
  adsnote = {Provided by the SAO/NASA Astrophysics Data System}
}

@ARTICLE{sanders2013,
   author = {{Sanders}, J.~L. and {Binney}, J.},
    title = "{Stream-orbit misalignment - II. A new algorithm to constrain the Galactic potential}",
  journal = {\mnras},
archivePrefix = "arXiv",
   eprint = {1305.1937},
 keywords = {methods: numerical, Galaxy: halo, Galaxy: kinematics and dynamics, Galaxy: structure, galaxies: kinematics and dynamics},
     year = 2013,
    month = aug,
   volume = 433,
    pages = {1826-1836},
      doi = {10.1093/mnras/stt816},
   adsurl = {http://adsabs.harvard.edu/abs/2013MNRAS.433.1826S},
  adsnote = {Provided by the SAO/NASA Astrophysics Data System}
}

@ARTICLE{fisher,
   author = {{Fisher}, R.~A.},
    title = "{Theory of Statistical Estimation}",
  journal = {Proceedings of the Cambridge Philosophical Society},
     year = 1925,
   volume = 22,
    pages = {700},
      doi = {10.1017/S0305004100009580},
   adsurl = {http://adsabs.harvard.edu/abs/1925PCPS...22..700F},
  adsnote = {Provided by the SAO/NASA Astrophysics Data System}
}

@ARTICLE{baumgardt2003,
   author = {{Baumgardt}, H. and {Makino}, J.},
    title = "{Dynamical evolution of star clusters in tidal fields}",
  journal = {\mnras},
   eprint = {astro-ph/0211471},
 keywords = {stellar dynamics, methods: N-body simulations, globular clusters: general},
     year = 2003,
    month = mar,
   volume = 340,
    pages = {227-246},
      doi = {10.1046/j.1365-8711.2003.06286.x},
   adsurl = {http://adsabs.harvard.edu/abs/2003MNRAS.340..227B},
  adsnote = {Provided by the SAO/NASA Astrophysics Data System}
}

@ARTICLE{dehnen2004,
   author = {{Dehnen}, W. and {Odenkirchen}, M. and {Grebel}, E.~K. and {Rix}, H.-W.
	},
    title = "{Modeling the Disruption of the Globular Cluster Palomar 5 by Galactic Tides}",
  journal = {\aj},
   eprint = {astro-ph/0401422},
 keywords = {Galaxy: Halo, Galaxy: Globular Clusters: General, Galaxy: Globular Clusters: Individual: Name: Palomar 5, Methods: N-Body Simulations, Stellar Dynamics},
     year = 2004,
    month = may,
   volume = 127,
    pages = {2753-2770},
      doi = {10.1086/383214},
   adsurl = {http://adsabs.harvard.edu/abs/2004AJ....127.2753D},
  adsnote = {Provided by the SAO/NASA Astrophysics Data System}
}

@ARTICLE{kupper2010,
   author = {{K{\"u}pper}, A.~H.~W. and {Kroupa}, P. and {Baumgardt}, H. and 
	{Heggie}, D.~C.},
    title = "{Tidal tails of star clusters}",
  journal = {\mnras},
archivePrefix = "arXiv",
   eprint = {0909.2619},
 primaryClass = "astro-ph.SR",
 keywords = {methods: analytical, methods: N-body simulations, galaxies: haloes, galaxies: kinematics and dynamics, galaxies: star clusters, dark matter},
     year = 2010,
    month = jan,
   volume = 401,
    pages = {105-120},
      doi = {10.1111/j.1365-2966.2009.15690.x},
   adsurl = {http://adsabs.harvard.edu/abs/2010MNRAS.401..105K},
  adsnote = {Provided by the SAO/NASA Astrophysics Data System}
}

@ARTICLE{kupper2012,
   author = {{K{\"u}pper}, A.~H.~W. and {Lane}, R.~R. and {Heggie}, D.~C.
	},
    title = "{More on the structure of tidal tails}",
  journal = {\mnras},
archivePrefix = "arXiv",
   eprint = {1111.5013},
 keywords = {methods: numerical, globular clusters: general, Galaxy: kinematics and dynamics, galaxies: star clusters: general},
     year = 2012,
    month = mar,
   volume = 420,
    pages = {2700-2714},
      doi = {10.1111/j.1365-2966.2011.20242.x},
   adsurl = {http://adsabs.harvard.edu/abs/2012MNRAS.420.2700K},
  adsnote = {Provided by the SAO/NASA Astrophysics Data System}
}

@ARTICLE{hernquist1990,
   author = {{Hernquist}, L.},
    title = "{An analytical model for spherical galaxies and bulges}",
  journal = {\apj},
 keywords = {Computational Astrophysics, Elliptical Galaxies, Galactic Bulge, Galactic Structure, Astronomical Models, Astronomical Photometry, Brightness Distribution, Distribution Functions},
     year = 1990,
    month = jun,
   volume = 356,
    pages = {359-364},
      doi = {10.1086/168845},
   adsurl = {http://adsabs.harvard.edu/abs/1990ApJ...356..359H},
  adsnote = {Provided by the SAO/NASA Astrophysics Data System}
}

@ARTICLE{mn,
   author = {{Miyamoto}, M. and {Nagai}, R.},
    title = "{Three-dimensional models for the distribution of mass in galaxies}",
  journal = {\pasj},
 keywords = {Astronomical Models, Density Distribution, Galactic Structure, Mass Distribution, Potential Theory, Three Dimensional Models, Functions (Mathematics), Globular Clusters, Gravitational Effects, Mathematical Models, Milky Way Galaxy},
     year = 1975,
   volume = 27,
    pages = {533-543},
   adsurl = {http://adsabs.harvard.edu/abs/1975PASJ...27..533M},
  adsnote = {Provided by the SAO/NASA Astrophysics Data System}
}

@ARTICLE{nfw,
   author = {{Navarro}, J.~F. and {Frenk}, C.~S. and {White}, S.~D.~M.},
    title = "{A Universal Density Profile from Hierarchical Clustering}",
  journal = {\apj},
   eprint = {astro-ph/9611107},
 keywords = {Cosmology: Theory, Cosmology: Dark Matter, Galaxies: Halos, Methods: Numerical},
     year = 1997,
    month = dec,
   volume = 490,
    pages = {493-508},
      doi = {10.1086/304888},
   adsurl = {http://adsabs.harvard.edu/abs/1997ApJ...490..493N},
  adsnote = {Provided by the SAO/NASA Astrophysics Data System}
}

@ARTICLE{zaritsky2017,
   author = {{Zaritsky}, D. and {Courtois}, H.},
    title = "{A dynamics-free lower bound on the mass of our Galaxy}",
  journal = {\mnras},
archivePrefix = "arXiv",
   eprint = {1611.04574},
 keywords = {Galaxy: fundamental parameters},
     year = 2017,
    month = mar,
   volume = 465,
    pages = {3724-3728},
      doi = {10.1093/mnras/stw2922},
   adsurl = {http://adsabs.harvard.edu/abs/2017MNRAS.465.3724Z},
  adsnote = {Provided by the SAO/NASA Astrophysics Data System}
}

@ARTICLE{eadie2016,
   author = {{Eadie}, G.~M. and {Harris}, W.~E.},
    title = "{Bayesian Mass Estimates of the Milky Way: The Dark and Light Sides of Parameter Assumptions}",
  journal = {\apj},
archivePrefix = "arXiv",
   eprint = {1608.04757},
 keywords = {dark matter, galaxies: kinematics and dynamics, Galaxy: general, Galaxy: halo, globular clusters: general, methods: statistical},
     year = 2016,
    month = oct,
   volume = 829,
      eid = {108},
    pages = {108},
      doi = {10.3847/0004-637X/829/2/108},
   adsurl = {http://adsabs.harvard.edu/abs/2016ApJ...829..108E},
  adsnote = {Provided by the SAO/NASA Astrophysics Data System}
}

@ARTICLE{loebman2014,
   author = {{Loebman}, S.~R. and {Ivezi{\'c}}, {\v Z}. and {Quinn}, T.~R. and 
	{Bovy}, J. and {Christensen}, C.~R. and {Juri{\'c}}, M. and 
	{Ro{\v s}kar}, R. and {Brooks}, A.~M. and {Governato}, F.},
    title = "{The Milky Way Tomography with Sloan Digital Sky Survey. V. Mapping the Dark Matter Halo}",
  journal = {\apj},
archivePrefix = "arXiv",
   eprint = {1408.5388},
 keywords = {Galaxy: general, Galaxy: halo, Galaxy: kinematics and dynamics, Galaxy: structure, stars: kinematics and dynamics, stars: statistics },
     year = 2014,
    month = oct,
   volume = 794,
      eid = {151},
    pages = {151},
      doi = {10.1088/0004-637X/794/2/151},
   adsurl = {http://adsabs.harvard.edu/abs/2014ApJ...794..151L},
  adsnote = {Provided by the SAO/NASA Astrophysics Data System}
}

@ARTICLE{bowden2016,
   author = {{Bowden}, A. and {Evans}, N.~W. and {Williams}, A.~A.},
    title = "{Is the dark halo of the Milky Way prolate?}",
  journal = {\mnras},
archivePrefix = "arXiv",
   eprint = {1604.06885},
 keywords = {Galaxy: halo, Galaxy: kinematics and dynamics, Galaxy: structure},
     year = 2016,
    month = jul,
   volume = 460,
    pages = {329-337},
      doi = {10.1093/mnras/stw994},
   adsurl = {http://adsabs.harvard.edu/abs/2016MNRAS.460..329B},
  adsnote = {Provided by the SAO/NASA Astrophysics Data System}
}

@ARTICLE{bobylev2017,
   author = {{Bobylev}, V.~V. and {Bajkova}, A.~T. and {Gromov}, A.~O.},
    title = "{Refinement of the parameters of three selected model Galactic potentials based on the velocities of objects at distances up to 200 kpc}",
  journal = {Astronomy Letters},
archivePrefix = "arXiv",
   eprint = {1703.01413},
 keywords = {Galaxy (Milky Way), model potential, Galactic mass, Galactic dynamics, globular clusters Lynga 7 and NGC 5053},
     year = 2017,
    month = apr,
   volume = 43,
    pages = {241-251},
      doi = {10.1134/S1063773717040016},
   adsurl = {http://adsabs.harvard.edu/abs/2017AstL...43..241B},
  adsnote = {Provided by the SAO/NASA Astrophysics Data System}
}

@ARTICLE{bond1997,
   author = {{Bond}, J.~R. and {Efstathiou}, G. and {Tegmark}, M.},
    title = "{Forecasting cosmic parameter errors from microwave background anisotropy experiments}",
  journal = {\mnras},
   eprint = {astro-ph/9702100},
 keywords = {Relic Radiation, Radiation Measurement, Dark Matter, Baryons, Power Spectra, Cosmic Background Explorer Satellite, Angular Resolution, Anisotropy, Cosmology, Error Analysis},
     year = 1997,
    month = nov,
   volume = 291,
    pages = {L33-L41},
      doi = {10.1093/mnras/291.1.L33},
   adsurl = {http://adsabs.harvard.edu/abs/1997MNRAS.291L..33B},
  adsnote = {Provided by the SAO/NASA Astrophysics Data System}
}

@ARTICLE{spergel2003,
   author = {{Spergel}, D.~N. and {Verde}, L. and {Peiris}, H.~V. and {Komatsu}, E. and 
	{Nolta}, M.~R. and {Bennett}, C.~L. and {Halpern}, M. and {Hinshaw}, G. and 
	{Jarosik}, N. and {Kogut}, A. and {Limon}, M. and {Meyer}, S.~S. and 
	{Page}, L. and {Tucker}, G.~S. and {Weiland}, J.~L. and {Wollack}, E. and 
	{Wright}, E.~L.},
    title = "{First-Year Wilkinson Microwave Anisotropy Probe (WMAP) Observations: Determination of Cosmological Parameters}",
  journal = {\apjs},
   eprint = {astro-ph/0302209},
 keywords = {Cosmology: Cosmic Microwave Background, Cosmology: Cosmological Parameters- Cosmology: Observations, Cosmology: Early Universe},
     year = 2003,
    month = sep,
   volume = 148,
    pages = {175-194},
      doi = {10.1086/377226},
   adsurl = {http://adsabs.harvard.edu/abs/2003ApJS..148..175S},
  adsnote = {Provided by the SAO/NASA Astrophysics Data System}
}